@BOOK{kosmaczewski:upAndRunning,
	title = {{S}encha {T}ouch 2 {U}p and {R}unning},
	year = {2013},
	author = {Kosmaczewski, Adrian},
	publisher = {{O}'{R}eilly {M}edia},
}

@ONLINE{sencha:touch221,
  title = {{S}encha {T}ouch 2.2.1},
  year = {2013},
  author = {{S}encha {I}nc.},
  url = {http://docs.sencha.com/touch/2.2.1/},
}

@ONLINE{sencha:touch23,
  title = {{S}encha {T}ouch 2.3},
  year = {2013},
  author = {{S}encha {I}nc.},
  url = {http://docs.sencha.com/touch/2.3.0/},
}

@ONLINE{sencha:architect,
  title = {{S}encha {A}rchitect 2},
  year = {2013},
  author = {{S}encha {I}nc.},
  url = {http://docs.sencha.com/architect/2/#!/guide},
}

@ONLINE{apache:cordova,
  title = {{A}pache {C}ordova 3.0.0},
  year = {2013},
  author = {{A}pache {S}oftware {F}oundation},
  url = {http://cordova.apache.org/docs/en/3.0.0/index.html},
}

@ONLINE{adobe:phonegap,
  title = {{A}dobe {P}hone{G}ap 3.0.0},
  year = {2013},
  author = {{A}dobe {S}ystems {I}nc.},
  url = {http://docs.phonegap.com/en/3.0.0/index.html},
}

@ONLINE{adobe:phonegapBuild,
  title = {{A}dobe {P}hone{G}ap {B}uild},
  year = {2013},
  author = {{A}dobe {S}ystems {I}nc.},
  url = {https://build.phonegap.com/},
}

@ONLINE{{sencha:jsduck,
  title = {{JSD}uck},
  year = {2013},
  author = {{S}encha {I}nc.},
  url = {https://github.com/senchalabs/jsduck/wiki},
}

@ONLINE{google:maps,
  title = {{G}oogle {M}aps {J}avascript {API} {V}3 {R}eference},
  year = {2013},
  author = {{G}oogle {I}nc.},
  url = {https://developers.google.com/maps/documentation/javascript/reference?hl=it},
}

@ONLINE{wildabeast:barcodeScanner,
  title = {{B}arcode{S}canner},
  year = {2010},
  author = {Kane, Matt},
  url = {https://github.com/wildabeast/BarcodeScanner},
}

@ONLINE{miamicoder:howto,
	title = {{H}ow to create a {S}encha {T}ouch 2 app},
	year = {2012},
	author = {Ramon, Jorge},
	url = {http://miamicoder.com/2012/how-to-create-a-sencha-touch-2-app-part-1/},
}

@ONLINE{andidog:packageSenchaPhonegap,
	title = {{P}ackaging a {S}encha {T}ouch 2 application with {P}hone{G}ap for {A}ndroid},
	year = {2012},
	author = {Sommer, Andreas},
	url = {http://andidog.de/blog/2012/06/packaging-a-sencha-touch-2-application-with-phonegap-for-android/},
}

@ONLINE{sencha:senchaMVCphonegap,
	title = {{A} {S}encha {T}ouch {MVC} application with {P}hone{G}ap},
	year = {2011},
	author = {Pearce, James},
	url = {http://www.sencha.com/learn/a-sencha-touch-mvc-application-with-phonegap/},
}

@ONLINE{bgmemo:senchaPhonegap,
	title = {{S}encha {T}ouch and {P}hone{G}ap ({C}ordova) tutorial},
	year = {2012},
	author = {Gao, Ben},
	url = {http://bgmemo.com/tutorial-sencha-touch-and-phonegap/},
}